@book{spence2014elementary,
  title={Elementary Linear Algebra: A Matrix Approach},
  author={Spence, L.E. and Insel, A.J. and Friedberg, S.H.},
  year={2014},
  edition={2},
  publisher={Pearson Education}
}

@book{friedberg2019linear,
  title={Linear Algebra},
  author={Friedberg, S.H. and Insel, A.J. and Spence, L.E.},
  year={2019},
  edition={5},
  publisher={Pearson Education}
}
